<?xml version="1.0" encoding="UTF-8"?><collection xmlns="http://www.loc.gov/MARC21/slim"><record><leader>00549nam--2200193-i-4500</leader><controlfield tag="001">000029576</controlfield><controlfield tag="002">20161230</controlfield><controlfield tag="005">20161230201037</controlfield><controlfield tag="008">060222s1000------------r-----000-0-rus-d</controlfield><datafield ind1=" " ind2=" " tag="040"><subfield code="a">IFIN-HH</subfield></datafield><datafield ind1=" " ind2=" " tag="041"><subfield code="a">rus</subfield></datafield><datafield ind1=" " ind2=" " tag="080"><subfield code="a">519.24</subfield></datafield><datafield ind1="1" ind2=" " tag="100"><subfield code="a">Soler, Jean-louis</subfield></datafield><datafield ind1="1" ind2="0" tag="245"><subfield code="a">Osnovnie strukturi matematiceskoi statistiki</subfield><subfield code="c">Jean-louis soler</subfield></datafield><datafield ind1=" " ind2=" " tag="260"><subfield code="a">Moskva</subfield><subfield code="b">Mir</subfield><subfield code="c">1972</subfield></datafield><datafield ind1=" " ind2=" " tag="300"><subfield code="a">102P</subfield></datafield><datafield ind1=" " ind2=" " tag="500"><subfield code="a">Titlul Original In Limba Franceza: Notion De Liberte En Statistique Mathematique</subfield></datafield><datafield ind1=" " ind2=" " tag="852"><subfield code="a">38950</subfield><subfield code="c">519.24</subfield></datafield><datafield ind1=" " ind2=" " tag="CAT"><subfield code="a">Sys</subfield><subfield code="c">20130805</subfield><subfield code="h">130153</subfield></datafield></record></collection>